% Encoding: UTF-8

@unpublished{Sose2014,
	Author = {Thomas Buschmann},
	Date-Added = {2015-03-09 20:14:30 +0000},
	Date-Modified = {2015-03-14 12:36:28 +0000},
	Month = {Sommersemester},
	Title = {Roboterdynamik},
	Year = {2014}}

@ARTICLE{Chou1992, 
author={J. C. K. Chou}, 
journal={IEEE Transactions on Robotics and Automation}, 
title={Quaternion kinematic and dynamic differential equations}, 
year={1992}, 
volume={8}, 
number={1}, 
pages={53-64}, 
keywords={differential equations;dynamics;kinematics;vectors;3D vector space;acceleration;angular displacement;dynamic differential equations;momentum;multiplicative commutativity;quaternion kinematic differential equations;quaternion multiplications;rotations;vector quaternions;velocity;Acceleration;Algebra;Application software;Differential equations;Lifting equipment;Orbital robotics;Quaternions;Robot kinematics;Springs;Trajectory}, 
doi={10.1109/70.127239}, 
ISSN={1042-296X}, 
month={Feb},}

@book{Richter2009,
  title={Geometriekalk{\"u}le},
  author={Richter-Gebert, J. and Orendt, T.},
  isbn={9783642025297},
  series={Springer-Lehrbuch},
  url={https://books.google.ca/books?id=e69BmAEACAAJ},
  year={2009},
  publisher={Springer Berlin Heidelberg}
}
@article{Cooke1992,
 author = {Cooke, Joseph M. and Zyda, Michael J. and Pratt, David R. and McGhee, Robert B.},
 title = {NPSNET: Flight Simulation Dynamic Modeling Using Quaternions},
 journal = {Presence: Teleoper. Virtual Environ.},
 issue_date = {Fall 1992},
 volume = {1},
 number = {4},
 month = oct,
 year = {1992},
 issn = {1054-7460},
 pages = {404--420},
 numpages = {17},
 url = {http://dx.doi.org/10.1162/pres.1992.1.4.404},
 doi = {10.1162/pres.1992.1.4.404},
 acmid = {196548},
 publisher = {MIT Press},
 address = {Cambridge, MA, USA},
}
@inproceedings{LQR2013,
  Author = {Reyes-Valeria, E. and Enriquez-Caldera, R. and Camacho-Lara, S. and Guichard, J.},
  Booktitle = {Electronics, Communications and Computing (CONIELECOMP), 2013 International Conference on},
  Doi = {10.1109/CONIELECOMP.2013.6525781},
  Keywords = {attitude control;autonomous aerial vehicles;linear quadratic control;nonlinear dynamical systems;rotors;scheduling;trajectory control;LQR gain scheduling control;Newton-Euler formalism;UAV research platform;attitude control;nonlinear dynamic model;quadrotor movements;speed variations;trajectory control;unit quaternions;unmanned aerial vehicles;Equations;Mathematical model;Quaternions;Rotors;Torque;Trajectory;Vectors;LQR;Quadrotor;UAV;Unit Quaternion},
  Month = {March},
  Pages = {172-178},
  Title = {LQR control for a quadrotor using unit quaternions: Modeling and simulation},
  Year = {2013},
  Bdsk-Url-1 = {http://dx.doi.org/10.1109/CONIELECOMP.2013.6525781}}
@PhdThesis{Diehl2001,
  author = {Moritz Diehl},
  title =  {Real-Time Optimization for Large Scale Nonlinear Processes},
  school = {Universit√§t Heidelberg, Faculty of Mathematics and Computer Science},
  year =   {2001}
}

@Article{Diehl2002,
  author =  {Moritz Diehl},
  title =   {Realtime optimization and nonlinear model predictive control of processes governed by differential algebraic equations},
  journal = {Journal of Process Control},
  year =    {2002},
  volume =  {12},
  number =  {4},
  pages =   {577-585},
  month =   {Jun}
}
@TechReport{Hindmarsh2015,
  author =      {A. C. Hindmarsh and R. Serban},
  title =       {User Documentation for CVODE v2.8.2},
  institution = {LLNL},
  year =        {2015},
  type =        {technical report},
  number =      {UCRL-MA-208108},
  month =       {August},
  note =        {ODE - Solver}
}
@book{bulirsch2005,
  title={Numerische Mathematik 2},
  author={Bulirsch, Roland and Stoer, Josef},
  year={2005},
  publisher={Springer-Verlag Berlin Heidelberg}
}
@book{davis2006direct,
  title={Direct methods for sparse linear systems},
  author={Davis, Timothy A},
  volume={2},
  year={2006},
  publisher={Siam}
}
@article{Hindmarsh1996,
 author = {Cohen, Scott D. and Hindmarsh, Alan C.},
 title = {CVODE, a Stiff/Nonstiff ODE Solver in C},
 journal = {Comput. Phys.},
 issue_date = {March/April 1996},
 volume = {10},
 number = {2},
 month = mar,
 year = {1996},
 issn = {0894-1866},
 pages = {138--143},
 numpages = {6},
 url = {http://dx.doi.org/10.1063/1.4822377},
 doi = {10.1063/1.4822377},
 acmid = {226923},
 publisher = {American Institute of Physics Inc.},
 address = {Woodbury, NY, USA},
} 

